<?xml version="1.0" encoding="UTF-8"?><collection xmlns="http://www.loc.gov/MARC21/slim"><record><leader>00397nam--2200133-i-4500</leader><controlfield tag="001">000046586</controlfield><controlfield tag="002">20161230</controlfield><controlfield tag="005">20161230201046</controlfield><controlfield tag="008">060222s1000------------r-----000-0-eng-d</controlfield><datafield ind1=" " ind2=" " tag="080"><subfield code="a">543.544:547</subfield></datafield><datafield ind1=" " ind2=" " tag="100"><subfield code="a">Vernin, Gasston</subfield></datafield><datafield ind1=" " ind2=" " tag="245"><subfield code="a">La chromatographie en couche mince. techniques et applications en chimie organique. preface de l.r.snyder</subfield></datafield><datafield ind1=" " ind2=" " tag="260"><subfield code="a">Paris, Dunod, 1970, Xi+178p</subfield></datafield><datafield ind1=" " ind2=" " tag="852"><subfield code="a">32962</subfield></datafield></record></collection>